@misc{alexatop1k,
	author = {{Amazon Web Services}},
	title = {Alexa Top Sites},
	url = {https://aws.amazon.com/alexa-top-sites/},
}

@misc{pyasn,
	author = {Hadi Asghari},
	title = {pyasn -- {Python} {IP} address to Autonomous System Number lookup module},
	url = {https://github.com/hadiasghari/pyasn},
}

@misc{exitmap,
	author = {Philipp Winter},
	title = {exitmap---A fast and modular scanner for Tor exit relays},
	url = {https://github.com/NullHypothesis/exitmap},
}

@inproceedings{Wang2014a,
	author = {Tao Wang and Xiang Cai and Rishab Nithyanand and Rob Johnson and Ian Goldberg},
	title = {Effective Attacks and Provable Defenses for Website Fingerprinting},
	booktitle = {USENIX Security},
	publisher = {USENIX},
	year = {2014},
	url = {https://nymity.ch/tor-dns/pdf/Wang2014a.pdf},
}
