@inproceedings{Johnson2013a,
	author = {Aaron Johnson and Chris Wacek and Rob Jansen and Micah Sherr and Paul Syverson},
	title = {Users Get Routed: Traffic Correlation on {T}or by Realistic Adversaries},
	booktitle = {CCS},
	publisher = {ACM},
	year = {2013},
	url = {http://www.ohmygodel.com/publications/usersrouted-ccs13.pdf},
}

@inproceedings{Murdoch2005a,
	author = {Steven J. Murdoch and George Danezis},
	title = {Low-Cost Traffic Analysis of {T}or},
	booktitle = {Security \& Privacy},
	publisher = {IEEE},
	year = {2005},
	url = {http://sec.cs.ucl.ac.uk/users/smurdoch/papers/oakland05torta.pdf},
}

@inproceedings{Murdoch2007a,
	author = {Steven J. Murdoch and Piotr Zieli{\'n}ski},
	title = {Sampled Traffic Analysis by {I}nternet-Exchange-Level Adversaries},
	booktitle = {PET},
	publisher = {Springer},
	year = {2007},
	url = {http://freehaven.net/anonbib/cache/murdoch-pet2007.pdf},
}

@inproceedings{Mathewson2004a,
	author = {Nick Mathewson and Roger Dingledine},
	title = {Practical Traffic Analysis: Extending and Resisting Statistical Disclosure},
	booktitle = {PET},
	publisher = {Springer},
	year = {2004},
	url = {http://freehaven.net/doc/e2e-traffic/e2e-traffic.pdf},
}

@inproceedings{Mittal2011a,
	author = {Prateek Mittal and Ahmed Khurshid and Joshua Juen and Matthew Caesar and Nikita Borisov},
	title = {Stealthy Traffic Analysis of Low-Latency Anonymous Communication Using Throughput Fingerprinting},
	booktitle = {CCS},
	publisher = {ACM},
	year = {2011},
	url = {http://freehaven.net/anonbib/cache/ccs2011-stealthy.pdf},
}

@inproceedings{Feamster2004a,
	author = {Nick Feamster and Roger Dingledine},
	title = {Location Diversity in Anonymity Networks},
	booktitle = {WPES},
	publisher = {ACM},
	year = {2004},
	url = {http://freehaven.net/anonbib/cache/feamster:wpes2004.ps},
}

@inproceedings{Wacek2013a,
	author = {Chris Wacek and Henry Tan and Kevin Bauer and Micah Sherr},
	title = {An Empirical Evaluation of Relay Selection in {T}or},
	booktitle = {NDSS},
	publisher = {The Internet Society},
	year = {2013},
	url = {https://security.cs.georgetown.edu/~msherr/papers/tor-relaystudy.pdf},
}

@inproceedings{Serjantov2003a,
	author = {Andrei Serjantov and Peter Sewell},
	title = {Passive Attack Analysis for Connection-Based Anonymity Systems},
	booktitle = {ESORICS},
	publisher = {Springer},
	year = {2003},
	url = {http://freehaven.net/anonbib/cache/SS03.ps},
}
