@inproceedings{Greschbach2016a,
	author = {Benjamin Greschbach and Tobias Pulls and Laura M. Roberts and Philipp Winter and Nick Feamster},
	title = {The Effect of {DNS} on {Tor}'s Anonymity},
	booktitle = {NDSS},
	publisher = {The Internet Society},
	year = {2017},
	url = {https://nymity.ch/tor-dns/tor-dns.pdf},
}
